<?xml version="1.0" encoding="UTF-8"?><record xmlns="http://www.loc.gov/MARC21/slim" xmlns:cinclude="http://apache.org/cocoon/include/1.0" xmlns:zs="http://www.loc.gov/zing/srw/">
  <leader>00452cz  a2200145n  4500</leader>
  <controlfield tag="001">nr 95008729 </controlfield>
  <controlfield tag="003">DLC</controlfield>
  <controlfield tag="005">20001101070502.0</controlfield>
  <controlfield tag="008">950308n| acannaabn          |a aaa     c</controlfield>
  <datafield tag="010" ind1=" " ind2=" ">
    <subfield code="a">nr 95008729 </subfield>
  </datafield>
  <datafield tag="035" ind1=" " ind2=" ">
    <subfield code="a">(OCoLC)oca03796413</subfield>
  </datafield>
  <datafield tag="040" ind1=" " ind2=" ">
    <subfield code="a">PU</subfield>
    <subfield code="b">eng</subfield>
    <subfield code="c">PU</subfield>
    <subfield code="d">OCoLC</subfield>
  </datafield>
  <datafield tag="100" ind1="1" ind2=" ">
    <subfield code="a">Studer-Frangi, Silvia,</subfield>
    <subfield code="d">1936-</subfield>
  </datafield>
  <datafield tag="400" ind1="1" ind2=" ">
    <subfield code="a">Frangi, Silvia Studer-,</subfield>
    <subfield code="d">1936-</subfield>
  </datafield>
  <datafield tag="670" ind1=" " ind2=" ">
    <subfield code="a">MaĚrchen aus Italien, 1992:</subfield>
    <subfield code="b">t.p. (Silvia Studer-Frangi) p. facing t.p. (b. 1936 in ZuĚrich)</subfield>
  </datafield>
</record>